
@article{ComparativeStudy,
  author    = {Mohd Fitri and Mohd Yakub and Abdul Qadir B.A.Aminudin },
  title     = {Comparative Study on Control Method for Two-Mass Systems},
  journal   = {International Journal on Advanced Science Engineering Information Technolgy},
  volume    = {2},
  number    = {3},
  pages     = {63--68},
  year      = {2012},
  issn      = {2088-5334}
}
@article{PassiveGravity,
  author  = {Qi Lu and Carlos Ortega and Ou Ma},
  title   = {Passive Gravity Compensation Mechanisms: Technologies and Applications},
  year    = {2011}
}

@article{SistemaMassaMola,
  author    = {Carlos Silveira},
  title     = {Sistema massa-mola: 5 Curiosidades que VocÃª Precisa Saber},
  journal   = {Vibra Varejo},
  year      = {2025}
}